@Article{abbott:1999a,
  author =		 {A. Abbott},
  title =		 {Bioinformatics institute plans public database for
                  gene expression data},
  journal =		 {Nature},
  year =		 1999,
  volume =		 398,
  number =		 6729,
  pages =		 646,
  month =		 {Apr}
}

@Article{abril:2000a,
  author =		 {J. F. Abril and R. Guig{\'o}},
  title =		 {\texttt{gff2ps}: visualizing genomic annotations},
  journal =		 {Bioinformatics},
  year =		 2000,
  volume =		 16,
  number =		 8,
  pages =		 {743--744},
}

@Article{adams:2000a,
  author =		 {{Adams, M. D. \textit{et al.} 
                  (including Josep F. Abril)}},
  title =		 {The {G}enome {S}equence of {{\it {D}rosophila
                  melanogaster}}},
  journal =		 {Science},
  year =		 2000,
  volume =		 287,
  number =		 5461,
  pages =		 {2185--2195},
  month =		 {Mar}
}

@Article{adams:2000ab,
  author =		 {Mark D. Adams and others},
  title =		 {The {G}enome {S}equence of {{\it {D}rosophila
                  melanogaster}}},
  journal =		 {Science},
  year =		 2000,
  volume =		 287,
  number =		 5461,
  pages =		 {2185--2195},
  month =		 {Mar}
}
@Article{adams:2000ac,
  author =		 {Mark D. Adams and Susan E. Celniker and Robert
                  A. Holt and Cheryl A. Evans and Jeannine D. Gocayne
                  and Peter G. Amanatides and Steven E. Scherer and
                  Peter W. Li and Roger A. Hoskins and Richard
                  F. Galle and Reed A. George and Suzanna E. Lewis and
                  Stephen Richards and Michael Ashburner and Scott
                  N. Henderson and Granger G. Sutton and Jennifer
                  R. Wortman and Mark D. Yandell and Qing Zhang and
                  Lin X. Chen and Rhonda C. Brandon and Yu-Hui
                  C. Rogers and Robert G. Blazej and Mark Champe and
                  Barret D. Pfeiffer and Kenneth H. Wan and Clare
                  Doyle and Evan G. Baxter and Gregg Helt and
                  Catherine R. Nelson and George L. Gabor Miklos and
                  Josep F. Abril and others},
  title =		 {The {G}enome {S}equence of {{\it {D}rosophila
                  melanogaster}}},
  journal =		 {Science},
  year =		 2000,
  volume =		 287,
  number =		 5461,
  pages =		 {2185--2195},
  month =		 {Mar}
}

@Article{alizadeh:2000a,
  author =		 {A. A. Alizadeh and M. B. Eisen and R. E. Davis and
                  C. Ma and I. S. Lossos and A. Rosenwald and
                  J. C. Boldrick and H. Sabet and T. Tran and X. Yu
                  and J. I. Powell and L. Yang and G. E. Marti and
                  T. Moore and J. Jr. Hudson and L. Lu and D. B. Lewis
                  and R. Tibshirani and G. Sherlock and W. C. Chan and
                  T. C. Greiner and D. D. Weisenburger and
                  J. O. Armitage and R. Warnke and L. M. Staudt and
                  others},
  title =		 {Distinct types of diffuse large {B}-cell lymphoma
                  identified by gene expression profiling},
  journal =		 {Nature},
  year =		 2000,
  volume =		 403,
  number =		 6769,
  pages =		 {503--511},
  month =		 {Feb}
}

@Article{altschul:1990a,
  author =		 {S. F. Altschul and W. Gish and W. Miller and
                  E. W. Myers and D. Lipman},
  title =		 {Basic Local Alignment Search Tool},
  journal =		 {Journal of Molecular Biology},
  year =		 1990,
  volume =		 215,
  pages =		 {403--410}
}

@Article{altschul:1996a,
  author =		 {S. F. Altschul and W. Gish},
  title =		 {Local alignment statistics},
  journal =		 {Methods in Enzymology},
  year =		 1996,
  volume =		 266,
  pages =		 {460--480}
}

@Article{altschul:1997a,
  author =		 {S. F. Altschul and T. Madden and A. Schaffer and
                  J. Zhang and Z. Zhang and W. Miller and D. Lipman},
  title =		 {Gapped {BLAST} and {PSI-BLAST}: a new generation of
                  protein database search programs},
  journal =		 {Nucleic Acids Research},
  year =		 1997,
  volume =		 25,
  pages =		 {3389--3402}
}

@InProceedings{andrade:1997a,
  author =		 {M. A. Andrade and A. Valencia},
  title =		 {Automatic annotation for biological sequences by
                  extraction of keywords from {MEDLINE}
                  abstracts. Development of a prototype system},
  booktitle =	 {ISMB},
  pages =		 {25--32},
  year =		 1997,
  volume =		 5
}

@Article{andrade:1997b,
  author =		 {M. A. Andrade and G. Casari and A. {de Daruvar} and
                  C. Sander and R. Schneider and J. Tamames and
                  A. Valencia and C. Ouzounis},
  title =		 {Sequence analysis of the {{\it {M}ethanococcus
                  jannaschii}} genome and the prediction of protein
                  function},
  journal =		 {Comput Appl Biosci},
  year =		 1997,
  volume =		 13,
  number =		 4,
  pages =		 {481--483},
  month =		 {Aug}
}

@Article{andrade:1999a,
  author =		 {M. A. Andrade and N. P. Brown and C. Leroy and
                  S. Hoersch and A. {de Daruvar} and C. Reich and
                  A. Franchini and J. Tamames and A. Valencia and
                  C. Ouzounis and C. Sander},
  title =		 {Automated genome sequence analysis and annotation},
  journal =		 {Bioinformatics},
  year =		 1999,
  volume =		 15,
  number =		 5,
  pages =		 {391--412},
  month =		 {May}
}
@Article{andrade:1999b,
  author =		 {M. A. Andrade and C. Ouzounis and C. Sander and
                  J. Tamames and A. Valencia},
  title =		 {Functional classes in the three domains of life},
  journal =		 {J Mol Evol},
  year =		 1999,
  volume =		 49,
  number =		 5,
  pages =		 {551--557},
  month =		 {Nov}
}
@Article{antequera:1993a,
  author = 	 {F. Antequera and A.P. Bird},
  title = 	 {Number of CpG islands and genes in human and mouse},
  journal = 	 {Proc. Natl. Acad. Sci},
  year = 	 1993,
  volume =	 90,
  pages =	 {11995-11999}
}

@Article{aparicio:2000a,
  author =		 {Samuel A.J.R. Aparicio},
  title =		 {How to count...human genes},
  journal =		 {Nature Genetics},
  year =		 2000,
  volume =		 25,
  pages =		 {129--130},
}

@Article{bafna:2000a,
  author =		 {Vineet Bafna and Daniel H. Hudson},
  title =		 {The Conserved Exon Method},
  journal =		 {Proceedings of the eigth intenational conference on
                  Intelligent Systems in Molecular Biology (ISMB},
  year =		 2000,
  pages =		 {3--12}
}

@Article{baker:1999a,
  author =		 {P. G. Baker and C. A. Goble and S. Bechhofer and
                  N. W. Paton and R. Stevens and A. Brass},
  title =		 {An ontology for bioinformatics applications},
  journal =		 {Bioinformatics},
  year =		 1999,
  volume =		 15,
  number =		 6,
  pages =		 {510--520},
  month =		 {Jun}
}

@Article{batzoglou:2000a,
  author =		 {Serefim Batzoglou and Lior Patcher and Jill P. Mesirov 
                  and Bonie Berger and Eric S. Lander},
  title =		 {Human and Mouse Gene Structure: Comparative Analysis
                  and Application to Exon Prediction},
  journal =		 {Genome Research},
  year =		 2000,
  volume =		 10,
  number =       7,
  pages =		 {950--958},
  month =        Jul
}

@Article{behne:1996a,
  author =		 {D. Behne and A. Kyriakopoeulos and C. Weiss-Nowak
                  and M. Kalcklosch adn C. Westphal and H. Gessner},
  title =		 {Newly found selenium-containing proteins in the
                  tissues of the rat},
  journal =		 {Biol. Trace. Elem. Res.},
  year =		 1996,
  volume =		 55,
  pages =		 {99--110}
}

@Article{ben-dor:1999a,
  author =		 {A. Ben-Dor and R. Shamir and Z. Yakhini},
  title =		 {Clustering gene expression patterns},
  journal =		 {Journal of Computational Biology},
  year =		 1999,
  volume =		 6,
  number =		 {3--4},
  pages =		 {281--97},
  month =		 {Fall--Winter}
}

@Article{benjamins:1998a,
  author =		 {V. R. Benjamins and D. Fensel and A. {G\'omez
                  P\'erez} },
  title =		 {Knowledge Management through Ontologies},
  journal =		 {Proc. of the 2nd Int. Conf. on Practical Aspects of
                  Knowledge Management (PAKM98)},
  year =		 1998
}

@Article{benson:1999a,
  author =		 {D. A. Benson and M. S. Boguski and D. J. Lipman and
                  J. Ostell and B. F. Ouellette and B. A. Rapp and
                  D. L. Wheeler},
  title =		 {GenBank},
  journal =		 {Nucleic Acids Research},
  year =		 1999,
  volume =		 27,
  pages =		 {7--12}
}




@Article{betts:2001a,
  author =		 {M. J. Betts and R. Guig\'o and P. Agarwal and
                  R.B. Russell},
  title =		 {Exon structure conservation despite low sequence
                  similarity: a relic of dramatic events in evolution},
  journal =		 {The {EMBO} {J}ournal},
  year =		 {2001},
  volume =       {20},
  number =       {19},
  pages =        {5354--5360}
}

@Article{birney:1996a,
  author =		 {E. Birney and J. D. Thompson and T. J. Gibson},
  title =		 {{PairWise} and {SearchWise}: finding the optimal
                  alignment in a simultaneous comparison of a protein
                  profile against all {DNA} translation frames},
  journal =		 {Nucleic Acid Research},
  year =		 1996,
  volume =		 24,
  number =		 14,
  pages =		 {2730--9}
}

@Article{birney:1997a,
  author =		 {E. Birney and R. Durbin},
  title =		 {Dynamite: a flexible code generating language for
                  dynamic programming methods used in sequence
                  comparison},
  journal =		 {Ismb},
  year =		 1997,
  volume =		 5,
  pages =		 {56--64}
}

@Article{blaschke:2000a,
  author =		 {C. Blaschke and J. C. Oliveros-Collazos and
                  A. Valencia},
  title =		 {Mining functional information associated to
                  expression arrays},
  journal =		 {(submitted)},
  year =		 2000
}

@Article{boguski:1993a,
  author =		 {M. S. Boguski and T. M. Lowe and C. M. Tolstoshev},
  title =		 {{dbEST}, database of "expressed sequence tags"},
  journal =		 {Nature Genetics},
  year =		 1993,
  volume =		 4,
  pages =		 {332--333}
}

@Article{boguski:1995a,
  author =		 {M. S. Boguski and G. D. Schuler},
  title =		 {{EST}ablishing a {H}uman {T}ranscript {M}ap},
  journal =		 {Nature Genetics},
  year =		 1995,
  volume =		 10,
  pages =		 {369--371}
}

@Article{borodovsky:1993a,
  author =		 {M. Borodovsky and J. McIninch},
  title =		 {{GenMark}: Parallel gene recognition for both {DNA}
                  strands},
  journal =		 {Computer and Chemistry},
  year =		 1993,
  volume =		 17,
  pages =		 {123-134}
}

@Article{braxton:1998a,
  author =		 {S. Braxton and T. Bedilion},
  title =		 {The integration of microarray information in the
                  drug development process},
  journal =		 {Curr Opin Biotechnol},
  year =		 1998,
  volume =		 9,
  number =		 6,
  pages =		 {643--649},
  month =		 {Dec}
}

@Unpublished{bray:2001a,
  author = 		 {N. Bray and A. Fabrikant and J. Lord and J. R. Schwartz and
                  I. Dubchak and L. Patcher},
  title = 		 {{AVID}: {A} global alignment program for large
                  genomic sequences},
  note = 		 {\textit{in preparation}},
  year =		 2001
}

@Article{brenner:2000a,
  author =		 {S.E. Brenner and P. Koehl and M. Levitt},
  title =		 {The ASTRAL compendium for protein structure and
                  sequence analysis},
  journal =		 {Nucleic Acids Research},
  year =		 2000,
  volume =		 28,
  number =		 1,
  pages =		 {254-256}
}

@Article{brett:2000a,
  author =		 {D. Brett and J. Hanke and G. Lehmann and S. Haase,
                  S. Delbruck and S. Krueger and J. Reich and P. Bork},
  title =		 {{EST} comparison indicates 38{\%} of human {mRNAs}
                  contain possible alternative splice forms},
  journal =		 {FEBS Lett},
  year =		 2000,
  volume =		 474,
  number =		 1,
  pages =		 {83--86},
  month =		 {may}
}

@Article{brown:2000a,
  author =		 {M. P. S. Brown and W. N. Grundy and D. Lin and
                  N. Cristianini and C. W. Sugnet and T. S. Furey and
                  M. {Ares Jr.} and D. Haussler},
  title =		 {Knowledge-based analysis of microarray gene
                  expression data by using support vector machines},
  journal =		 {PNAS},
  year =		 2000,
  volume =		 97,
  number =		 1,
  pages =		 {262--267},
  month =		 {Jan}
}

@Article{bucher:1990a,
  author =		 {P. Bucher},
  title =		 {Weight matrix descriptions of four eukaryotic {RNA}
                  polymerase II promoter elements derived from 502
                  unrelated promoter sequences},
  journal =		 {Journal of Molecular Biology},
  year =		 1990,
  volume =		 212,
  pages =		 {563--578}
}

@Article{burge:1997a,
  author =		 {C. B. Burge and S. Karlin},
  title =		 {Prediction of complete gene structures in human
                  genomic {DNA}},
  journal =		 {Journal of Molecular Biology},
  year =		 1997,
  volume =		 268,
  pages =		 {78--94}
}

@Article{burge:1998a,
  author =		 {C. B. Burge and S. Karlin},
  title =		 {Finding the genes in genomic {DNA}},
  journal =		 { Current Opinion in Structural Biology},
  year =		 1998,
  volume =		 8,
  pages =		 {346--354}
}

@InProceedings{burge:1999a,
  author =		 {C. B. Burge and T. Tuschl and P. S. Sharp},
  title =		 {Splicing Precursors to mRNAs by the Spliceosomes},
  booktitle =	 {The RNA world},
  pages =		 {525--560},
  year =		 1999,
  editor =		 {R. F. Gesteland and T. R. Cech and J. F. Atkins},
  address =		 {Cold Spring Harbor, New York},
  publisher =	 {Cold Spring Harbor Laboratory Press}
}

@Article{burset:1996a,
  author =		 {M. Burset and R. Guig{\'o}},
  title =		 {Evaluation of Gene Structure Prediction Programs},
  journal =		 {Genomics},
  year =		 1996,
  volume =		 34,
  pages =		 {353--357}
}

@Article{burset:2000a,
  author =		 {M. Burset and I.A. Seledtsov and V.V. Solovyev},
  title =		 {Analysis of canonical and non-canonical splice sites
                  n mammalian genomes},
  journal =		 {Nucleic Acid Research},
  year =		 2000,
  volume =		 28,
  pages =		 {4364--4375}
}

@Article{burset:2001a,
  author =		 {M. Burset and I.A. Seledtsov and V.V. Solovyev},
  title =		 {SpliceDB:Database of canonical and non-canonical
                  mammalian splice sites},
  journal =		 {Nucleic Acid Research},
  year =		 2001,
  volume =		 29,
  pages =		 {255--259}
}

@Article{casari:1996a,
  author =		 {G. Casari and others},
  title =		 {Challenging times for bioinformatics},
  journal =		 {Nature},
  year =		 1996,
  volume =		 376,
  pages =		 {647--648}
}

@Article{castellano:2001a,
  author =		 {S. Castellano and N. Morozova and M. Morey and
                  M.J. Berry and F. Serras and M. Corominas and
                  R. Guig\'o},
  title =		 {"in silico" identification of novel selenoproteins
                  in the {{\it {D}rosophila melanogaster}} genome},
  journal =		 {{EMBO} Reports},
  year =		 2001,
  volume =		 2,
  pages =		 {697--702}
}

@Article{cel_consortium:1998a,
  author =		 {{The {\it {C}. elegans} Sequencing Consortium}},
  title =		 {Genome Sequence of the Nematode {{\it
                  {C}. elegans}}: A Platform for investigating
                  Biology},
  journal =		 {Science},
  year =		 1998,
  volume =		 282,
  pages =		 {2012-2018}
}

@Article{chambers:1986a,
  author =		 {I. Chambers and J. Frampton J and P. Goldfarb and
                  N. Affara and W. McBain and P.R. Harrison},
  title =		 {The structure of the mouse glutathione peroxidase
                  gene: The selenocysteine in the active site is
                  encoded by the ``termination'' codon {TGA}},
  journal =		 {EMBO J.},
  year =		 1986,
  volume =		 5,
  pages =		 {1221-1227}
}

@Article{chao:1995a,
  author =		 {K. M. Chao and J. Zhang and J. Ostell and W. Miller},
  title =		 {A local alignment tool for very long {DNA}
                  sequences},
  journal =		 {Computer Applications in the Biosciences},
  year =		 1995,
  volume =		 11,
  pages =		 {147-153}
}

@Article{church:1994a,
  author =		 {D. M. Church and C. J. Stotler and J. L. Rutter and
                  J. R. Murrell and J. A. Trofatter and A. J. Buckler},
  title =		 {Isolation of genes from complex sources of mammalian
                  genomic {DNA} using exon amplification},
  journal =		 {Nat. Genet.},
  year =		 1994,
  volume =		 6,
  number =		 1,
  pages =		 {98--105}
}

@Article{claverie:1994a,
  author =		 {J.-M. Claverie and I. Sauvaget and L. Bougueleret},
  title =		 {{k-Tuple} Frequency Analysis: From Intron/Exon
                  Discrimination to {T}-Cell Epitope Mapping},
  journal =		 {Methods in Enzymology},
  year =		 1990,
  volume =		 183,
  pages =		 {237-252}
}

@Article{claverie:1997a,
  author =		 {J.-M. Claverie},
  title =		 {Computational Methods for the identification of
                  genes in vertebrate genomic sequences},
  journal =		 {Human Molecular Genetics},
  year =		 1997,
  volume =		 6,
  pages =		 {1735--1744}
}

@Article{cooper:1997a,
  author =		 {T. A. Cooper and W. Mattox},
  title =		 {The Regulation of Splice-Site Selection, and Its
                  Roles in Human Disease},
  journal =		 {American Journal of Human Genetics},
  year =		 1997,
  volume =		 61,
  pages =		 {259-266}
}

@Article{couch:1996a,
  author =		 {F. J. Couch and J. M. Rommens and S. L. Neuhausen
                  and others},
  title =		 {Generation of an integrated transcription map of the
                  {BRCA2} region on chromosome 13q12-q13},
  journal =		 {Genomics},
  year =		 1996,
  volume =		 36,
  number =		 1,
  pages =		 {86--99}
}

@Article{coulter:1997a,
  author =		 {L. R. Coulter and M. A. Landree and T. A. Cooper},
  title =		 {Identification of a new class of exonic splicing
                  enhancers by in vivo selection},
  journal =		 {Molecular and Cellular Biology},
  year =		 1997,
  volume =		 17,
  pages =		 {2143-2150}
}

@Article{croft:2000a,
  author =		 {L. Croft and S. Schandorff and F. Clark and
                  K. Burrage and P. Arctander and J. S. Mattick},
  title =		 {{SIS}, the intron information system, reveals the
                  high frequency of alternative splicing in the human
                  genome},
  journal =		 {Nature Genetics},
  year =		 2000,
  volume =		 24,
  pages =		 {340--341}
}

@Article{crollius:2000a,
  author =		 {Hughes Roest Crollius and O. Jaillon and A. Bernot and
                  C. Dasilva and L. Bouneau and C. Fischer and
                  C. Fizames and P. Wincker and P. Brottier and
                  F. Quetier and W. Saurin and Jean Weissenbach },
  title =		 {Estimate of human gene number provided by
                  genome-wide analysis using Tetraodon nigroviridis
                  DNA sequence. },
  journal =		 {Nature Genetics},
  year =		 2000,
  volume =		 25,
  pages =		 {235--238},
  month =        {Jun} 
}

@Article{das:2001a,
  author = 		 {Manjula Das and Christopher B. Burge and Eunhee Park
                  and Juliette Colinas and Jerry Pelletier},
  title = 		 {Assesment of the {T}otal {N}umber of {H}uman
                  {T}ranscription {U}nits},
  journal = 	 {Genomics},
  year = 		 2001,
  volume =		 77,
  number =		 {1--2},
  pages =		 {71--78},
  month =		 {Sep}
}

@Article{delcher:1999a,
  author = 		 {A. L. Delcher and S. Kasif and R. D. Fleischmann and
                  J. Peterson and O. White and S. L. Salzberg},
  title = 		 {Alignment of whole genomes},
  journal = 	 {Nucleic Acid Research},
  year = 		 1999,
  volume =		 27,
  number =		 11,
  pages =		 {2369--2376},
  month =		 {Jun}
}


@Article{deloukas:2001a,
  author = 	 {P. Deloukas and others},
  title = 	 {The DNA sequence and comparative analysis of human chromosome 20},
  journal = 	 {Nature},
  year = 	 {2001},
  OPTkey = 	 {},
  OPTvolume = 	 {414},
  OPTnumber = 	 {},
  OPTpages = 	 {865--871},
  OPTmonth = 	 {},
  OPTnote = 	 {},
  OPTannote = 	 {}
}

@Article{derisi:1997a,
  author =		 {J. L. DeRisi and V. R. Iyer and P. O. Brown},
  title =		 {Exploring the metabolic and genetic control of gene
                  expression on a genomic scale},
  journal =		 {Science},
  year =		 1997,
  volume =		 278,
  number =		 5338,
  pages =		 {680-686},
  month =		 {Oct}
}

@Article{dong:1994a,
  author =		 {S. Dong and D. B. Searls},
  title =		 {Gene Structure Prediction by Linguistic Methods},
  journal =		 {Genomics},
  year =		 1994,
  volume =		 23,
  pages =		 {540-551}
}

@Article{dopazo:1997a,
  author =		 {J. Dopazo and J.M. Carazo},
  title =		 {Phylogenetic reconstruction using an unsupervised
                  growing neural network that adopts the topology of a
                  phylogenetic tree},
  journal =		 {J Mol Evol},
  year =		 1997,
  volume =		 44,
  number =		 2,
  pages =		 {226--233},
  month =		 {Feb}
}

@Article{dralyuk:2000a,
  author = 		 {I. Dralyuk and M. Brudno and M. S. Gelfand and M. Zorn
                  and I. Dubchak},
  title = 		 {{ASDB}: database of alternatively spliced genes},
  journal = 	 {Nucleic Acid Research},
  year = 		 2000,
  volume =		 28,
  number =		 1,
  pages =		 {296--297},
  month =		 {Jan}
}

@Article{dunham:1999a,
  author = 		 {I. Dunham and others},
  title = 		 {The {DNA} sequence of human chromosome 22},
  journal = 	 {Nature},
  year = 		 1999,
  volume =		 402,
  number =		 6761,
  pages =		 {489--495},
  month =		 {Dec}
}

@Article{dunham:1999ac,
  author = 		 {I. Dunham and N. Shimizu and B. A. Roe and S. Chissoe
                  and A. R. Hunt and J. E. Collins and R. Bruskiewich and
                  D. M. Beare and M. Clamp and L. J. Smink and 
                  R. Ainscough and J. P. Almeida and A. Babbage and 
                  C. Bagguley and J. Bailey and K. Barlow and K. N. Bates
                  and O. Beasley and C. P. Bird and S. Blakey and 
                  A. M. Bridgeman and D. Buck and J. Burgess and 
                  W. D. Burril and K. P. O'Brien and others},
  title = 		 {The {DNA} sequence of human chromosome 22},
  journal = 	 {Nature},
  year = 		 1999,
  volume =		 402,
  number =		 6761,
  pages =		 {489--495},
  month =		 {Dec}
}
@Article{duret:1994a,
  author =		 {L. Duret and D. Mouchiroud and M. Gouy},
  title =		 {HOVERGEN, a database of homologous vertebrate genes},
  journal =		 { Nucleic Acids Research},
  year =		 1994,
  volume =		 22,
  pages =		 {2360--2365}
}

@Article{duret:1997a,
  author =		 {L. Duret and P. Bucher},
  title =		 {Searching for regulatory elements in human noncoding
                  sequences},
  journal =		 {Current Opinion in Structural Biology},
  year =		 1997,
  volume =		 7,
  pages =		 {399-406}
}

@Article{eisen:1998a,
  author =		 {M. B. Eisen and P. T. Spellman and P. O. Brown and
                  D. Botstein},
  title =		 {Cluster analysis and display of genome-wide
                  expression patterns},
  journal =		 {PNAS},
  year =		 1998,
  volume =		 95,
  number =		 25,
  pages =		 {14863--14868},
  month =		 {Dec}
}




@Article{eulenstein:1998a,
  author =		 {O. Eulenstein and B. Mirkin and M. Vingron},
  title =		 {Duplication-Based measures of difference between
                  gene and species trees},
  journal =		 {Journal of Computational Biology},
  year =		 1998,
  pages =		 {135-148}
}

@Article{ewing:2000a,
  author = 	 {B. Ewing and P. Green},
  title = 	 {Analysis of expressed sequence tags indicates 35,000 genes},
  journal = 	 {Nature Genetics},
  year = 	 2000,
  volume =	 25,
  pages =	 {232--234}
}

@Article{fichant:1987a,
  author =		 {G. Fichant and C. Gautier},
  title =		 {Statistical method for predicting coding regions in
                  nucleic acid sequences},
  journal =		 {Nucleic Acids Research},
  year =		 1987,
  volume =		 4,
  pages =		 {287-295}
}

@Article{fickett:1982a,
  author =		 {J. W. Fickett},
  title =		 {Recognition of protein coding regions in {DNA}
                  sequences},
  journal =		 {Nucleic Acids Research},
  year =		 1982,
  volume =		 10,
  pages =		 {5303-5318}
}

@Article{fickett:1992a,
  author =		 {J. W. Fickett and C.-S. Tung},
  title =		 {Assessment of protein coding measures},
  journal =		 {Nucleic Acids Research},
  year =		 1992,
  volume =		 20,
  pages =		 {6441--6450}
}

@Article{fickett:1993a,
  author =		 {J. W. Fickett and R. Guig{\'o}},
  title =		 {Estimation of protein coding density in a corpus of
                  {DNA} sequence data},
  journal =		 {Nucleic Acids Research},
  year =		 1993,
  volume =		 20,
  pages =		 {2837-2844}
}

@Article{fickett:1996a,
  author =		 {J. W. Fickett},
  title =		 {Finding genes by computer: The state of the art},
  journal =		 {Trends in Genetics},
  year =		 1996,
  volume =		 12,
  pages =		 {316-320}
}

@InProceedings{fickett:1996b,
  author =		 {J. W. Fickett and R. Guig{\'o}},
  title =		 {Computational Gene Identification},
  booktitle =	 {Internet for the Molecular Biologist},
  year =		 1996,
  pages =		 {73--100},
  editor =		 {S. R. Swindell and R. R. Miller and G. Myers},
  address =		 {Oxford, United Kingdom},
  publisher =	 {Horizon Scientific Press}
}

@Article{fickett:1997a,
  author =		 {J. W. Fickett and A. Hatzigeorgiou},
  title =		 {Eukaryotic promoter recognition},
  journal =		 {Genome Research},
  year =		 1997,
  volume =		 7,
  pages =		 {861-878}
}

@Article{fields:1990a,
  author =		 {C. A. Fields and C. A. Soderlund},
  title =		 {gm: a practical tool for automating {DNA} sequence
                  analysis},
  journal =		 {Computer Applications to the Biosciences},
  year =		 1990,
  pages =		 {263-270}
}




@Article{fields:1994a,
  author = 	 {C. Fields and M.D. Adams and O. White and J.C. Venter},
  title = 	 {How many genes in the human genome},
  journal = 	 {Nature Genetics},
  year = 	 1994,
  volume =	 7,
  pages =	 {345-346}
}

@Article{gelfand:1993a,
  author =		 {M. S. Gelfand and M. A. Roytberg},
  title =		 {Prediction of the exon-intron structure by a dynamic
                  programming approach},
  journal =		 {BioSystems},
  year =		 1993,
  volume =		 30,
  pages =		 {173-182}
}

@Article{gelfand:1995a,
  author =		 {M. S. Gelfand},
  title =		 {Prediction of function in {DNA} sequence analysis},
  journal =		 {Journal of Computational Biology},
  year =		 1995,
  volume =		 1,
  pages =		 {87-115}
}

@Article{gelfand:1996a,
  author =		 {M. S. Gelfand and A. A. Mironov and P. A. Pevzner},
  title =		 {Gene recognition via spliced alignment},
  journal =		 {Proceedings National Academy Sciences USA},
  year =		 1996,
  volume =		 93,
  pages =		 {9061-9066}
}

@Article{ghosh:1990a,
  author =		 {D. Ghosh},
  title =		 {A relational database of transcription factors},
  journal =		 {Nucleic Acids Research},
  year =		 1990,
  volume =		 18,
  pages =		 {1749--1756}
}

@Article{gish:1993a,
  author =		 {W. Gish and D. States},
  title =		 {Identification of protein coding regions by database
                  similarity search},
  journal =		 {Nature Genetics},
  year =		 1993,
  volume =		 3,
  pages =		 {266--272}
}

@Article{golub:1999a,
  author =		 {T. T. Golub and D. K. Slonim and P. Tamayo and
                  C. Huard and M. Gaasenbeek and J. P. Mesirov and
                  H. Coller and M. L. Loh and J. R. Downing and
                  M. A. Caligiuri and C. D. Bloomfield and
                  E. S. Lander},
  title =		 {Molecular Classification of Cancer: Class Discovery
                  and Class Prediction by Gene Expression Monitoring},
  journal =		 {Science},
  year =		 1999,
  volume =		 286,
  pages =		 {531--537},
  month =		 {October}
}

@Article{gosalbez:1985a,
  author =		 {J. Gos{\`a}lbez and J. Ventura and R. Guig{\'o}},
  title =		 {A distinguishing criteria for {{\it {M}ycrotus
                  pirenaicus}} and {{\it {M}ycrotus duodecimcostatus}}
                  based on biometrical characters of the mandible},
  journal =		 {Saugetierkundliche Mitteilungen},
  year =		 1985,
  volume =		 13,
  pages =		 {175-178}
}

@Article{grantham:1980a,
  author =		 {R. Grantham and C. Gautier and M. Gouy and
                  R. Mercier and A. Pave},
  title =		 {Codon catalog usage and the genome hypothesis},
  journal =		 {Nucleic Acids Research},
  year =		 1980,
  volume =		 8,
  pages =		 {49-62}
}

@Article{gribskov:1984a,
  author =		 {M. Gribskov and J. Devereux and R. B. Burgess},
  title =		 {The codon preference plot: graphic analysis of
                  protein coding sequences and prediction of gene
                  expression},
  journal =		 {Nucleic Acids Research},
  year =		 1984,
  volume =		 12,
  pages =		 {539-549}
}

@Article{groenen:2000a,
  author =		 {M.A. Groenen and H.H. Cheng and N. Bumstead and
                  B.F. Benkel and W.E Briles and T. Burke and
                  D.W. Burt and L.B. Crittenden and H. Dodgson and
                  J. Hillel and S. Lamont and A.P. de Leon and
                  M. Soller and H. Takahashi and A. Vignal},
  title =		 {A consensus linkage map of the chicken genome},
  journal =		 {Genome Research},
  year =		 2000,
  volume =		 10,
  pages =		 {137--147}
}

@Article{grosse:1998a,
  author =		 {I. Gro$\beta$e and H. Herzel and S. V. Buldyrev and
                  H. E. Stanley},
  title =		 {A Species-Independent Measure for Distinguishing
                  Coding and Non-coding {DNA}},
  journal =		 {(submitted)},
  year =		 {1998},
}

@Article{grundner:1999a,
  author =		 {E. Grundner-Culemann and G. W. Martin III and
                  J. W. Harney},
  title =		 {Two distinct SECIS structures capable of directing
                  selenocysteine incorporation in eukaryotes},
  journal =		 {RNA},
  year =		 1999,
  volume =		 5,
  pages =		 {625--635}
}

@Article{guigo2001d2,
  author =		 {R. Guig{\'o}},
  title =		 {Esperances i malsons del genoma hum\`a},
  journal =		 {Avui, 23/04/2001},
  year =		 2001
}

@Article{guigo2001d3,
  author =		 {R. Guig{\'o}},
  title =		 {El eco del genoma},
  journal =		 {El Peri\'odico, 15/02/2001},
  year =		 2001
}

@Article{guigo:1988a,
  author =		 {R. Guig{\'o} and F. Luna},
  title =		 {Proyecci\'on de la poblaci\'on de un municipio
                  agr\'{\i}cola andaluz de gran crecimiento
                  demogr\'afico},
  journal =		 {Trabajos de Antropolog\'{\i}a},
  year =		 1988,
  volume =		 21,
  pages =		 {121-127}
}

@Article{guigo:1988b,
  author =		 "R. Guig{\'o} and J. Oca{\~n}a",
  title =		 {An interactive support software for design and use
                  of simulation packages},
  journal =		 {Mathematical and Computer Modelling},
  year =		 1988,
  volume =		 11,
  pages =		 {1205-1207}
}

@Article{guigo:1991a,
  author =		 {R. Guig{\'o} and A. Johansson and T. F. Smith},
  title =		 {Automatic evaluation of protein sequence patterns},
  journal =		 {Computer Applications to Biosciences},
  year =		 1991,
  volume =		 7,
  pages =		 {309-315}
}

@Article{guigo:1991b,
  author =		 {R. Guig{\'o} and T. F. Smith},
  title =		 {A common pattern between {TGF}-beta family and
                  glutaredoxin},
  journal =		 {Biochemical Journal},
  year =		 1991,
  volume =		 280,
  pages =		 {833-834}
}

@Article{guigo:1992a,
  author =		 {R. Guig{\'o} and S. Knudsen and N. Drake and
                  T. F. Smith},
  title =		 {Prediction of Gene Structure},
  journal =		 {Journal of Molecular Biology},
  year =		 1992,
  volume =		 226,
  pages =		 {141--157}
}

@Article{guigo:1993a,
  author =		 {R. Guig{\'o} and T. F. Smith},
  title =		 {Inferring correlation between database queries:
                  Analysis of protein sequence patterns},
  journal =		 {IEEE Transactions on Pattern Analysis and Machine
                  Intelligence},
  year =		 1993,
  volume =		 15,
  pages =		 {1030--1041}
}

@InProceedings{guigo:1993b,
  author =		 {R. Guig{\'o} and I. Vazquez and S. Rao and
                  T. F. Smith},
  title =		 {A protein sequence database cross-field association
                  system},
  booktitle =	 {Proceedings of The 26th Hawaii International
                  Conference on System Sciences: Biotechnology
                  Computing},
  editor =		 {IEEE Computer Society Press},
  volume =		 {I},
  year =		 1993,
  address =		 {Los Alamitos, CA},
  pages =		 {822--833}
}

@Article{guigo:1995a,
  author =		 {R. Guig{\'o} and J. W. Fickett},
  title =		 {Distinctive Sequence Features in Protein Coding,
                  Genic Non-coding, and Inter-genic Human {DNA}},
  journal =		 {Journal of Molecular Biology},
  year =		 1995,
  volume =		 253,
  pages =		 {51--60}
}

@Article{guigo:1995b,
  author =		 {R. Guig{\'o}},
  title =		 {La computaci\'o i el projecte Genoma Hum\`a},
  journal =		 {Teraflop},
  year =		 1995,
  volume =		 10,
  pages =		 2
}

@Article{guigo:1996a,
  author =		 {R. Guig{\'o} and I. Muchnik and T. F. Smith},
  title =		 {Reconstruction of ancient molecular phylogeny},
  journal =		 {Molecular Phylogenetics and Evolution},
  year =		 1996,
  volume =		 6,
  pages =		 {189-213}
}

@Article{guigo:1997a,
  author =		 {R. Guig{\'o}},
  title =		 {Computational gene identification},
  journal =		 {Journal of Molecular Medicine},
  year =		 1997,
  volume =		 75,
  pages =		 {389--393}
}

@Article{guigo:1997b,
  author =		 {R. Guig{\'o}},
  title =		 {Computational Gene Identification: An Open Problem},
  journal =		 {Computers and Chemistry},
  year =		 1997,
  volume =		 21,
  pages =		 {215-222}
}

@Article{guigo:1998a,
  author =		 {R. Guig{\'o}},
  title =		 {Assembling genes from predicted exons in linear time
                  with dynamic programming},
  journal =		 {Journal of Computational Biology},
  volume =		 5,
  pages =		 {681-702},
  year =		 {1998}
}

@InProceedings{guigo:1999a,
  author =		 {R. Guig{\'o}},
  title =		 {{DNA} Composition, Codon Usage and Exon Prediction},
  booktitle =	 {Genetic Databases},
  year =		 {1999},
  editor =		 {M. Bishop},
  publisher =	 {Academic Press, San Diego, California},
  pages =		 {53--80}
}

@InProceedings{guigo:2000a,
  author =		 {R. Guig{\'o} and M. Burset and P. Agarwal and
                  J. F. Abril and R. F. Smith and J. W. Fickett},
  editor =		 {S. Suhai},
  title =		 {Sequence Similarity based Gene Prediction},
  booktitle =	 {Genomics and Proteomics: Functional and
                  Computational Aspects},
  publisher =	 {Kluwer Academic / Plenum Publishing},
  year =		 {2000},
  pages =		 {95-105}
}

@Article{guigo:2000b,
  author =		 {R. Guig{\'o}},
  title =		 {La Biologia Computacional},
  journal =		 {Treballs de la Societat Catalana de Biologia},
  year =		 2000,
  volume =		 50,
  pages =		 {93--102}
}

@Article{guigo:2000c,
  author =		 {R. Guig{\'o} and P. Agarwal and J. F. Abril and
                  M. Burset and J. W. Fickett},
  title =		 {Gene Prediction Accuracy in Large {DNA} Sequences},
  journal =		 {Genome Research},
  year =		 {2000},
  volume =		 10,
  pages =		 {1631--1642}
}

@Article{guigo:2000d1,
  author =		 {R. Guig{\'o}},
  title =		 {Els l\'{\i}mits de la nostra pres\'o},
  journal =		 {El Peri\'odico, 02/07/2000},
  year =		 2000
}

@Article{guigo:2000d2,
  author =		 {R. Guig{\'o}},
  title =		 {Bioinform\'atica, ?'una ciencia sin
                  cient\'{\i}ficos?},
  journal =		 {Quark},
  volume =		 18,
  pages =		 {51--55},
  year =		 2000
}

@Article{guigo:2001d1,
  author =		 {R. Guig{\'o}},
  title =		 {Gen\'omica: la Biolog\'{\i}a como una ciencia de la
                  informaci\'on},
  journal =		 {Informe Quiral 2000},
  year =		 2001,
  pages =		 {25--31}
}

@Article{gutierrez:1994a,
  author =		 {G. Guti{\'e}rrez and J. L. Oliver and
                  A. Mar{\'{\i}}n},
  title =		 {On the Origin of the Periodicity of Three in Protein
                  Coding {DNA} Sequences},
  journal =		 {Journal of theoretical Biology},
  year =		 1994,
  volume =		 167,
  pages =		 {413-414}
}

@Article{hanke:1999a,
  author =		 {J. Hanke and D. Brett and I. Zastrow and A. Aydin
                  and S. Delbruck S and G. Lehmann and F. Luft and
                  H. Reich and P. Bork },
  title =		 {Alternative splicing of human genes more the rule
                  than the exception?},
  journal =		 {Trends in Genetics},
  year =		 1999,
  volume =		 15,
  pages =		 {389--390}
}

@Article{haussler:1998a,
  author =		 {D. Haussler},
  title =		 {Computational Genefinding},
  journal =		 {Trends in Biochemical Sciences, Supplementary Guide
                  to Bioinformatics},
  year =		 1998,
  pages =		 {12--15}
}

@Article{helden:1998a,
  author =		 {J. van Helden and B. Andr'e and J. Collado-Vides},
  title =		 {Extracting Regulatory Sites from the Upstream Region
                  of Yeast Genes by Computational Analysis of
                  Oligonucleotide Frequencies},
  journal =		 {Journal of Molecular Biology},
  year =		 1998,
  volume =		 281,
  pages =		 {827--842}
}

@Article{heller:1997a,
  author =		 {R. A. Heller and M. Schena and A. Chai and D. Shalon
                  and T. Bedilion and J. Gilmore and D. E. Woolley and
                  R. W. Davis},
  title =		 {Discovery and analysis of inflammatory
                  disease-related genes using {cDNA} microarrays},
  journal =		 {Proc Natl Acad Sci U S A},
  year =		 1997,
  volume =		 94,
  number =		 6,
  pages =		 {2150--2155},
  month =		 {Mar}
}

@Article{henderson:1997a,
  author =		 {J. Henderson and S. Salzberg and K. H. Fassman},
  title =		 {Finding Genes in {DNA} with a Hidden Markov Model},
  journal =		 {Journal of Computational Biology},
  year =		 1997,
  volume =		 4,
  pages =		 {127-141}
}

@Article{herrero:2000a,
  author =		 {J. Herrero and A. Valencia and J. Dopazo},
  title =		 {\ },
  journal =		 {(submitted)},
  year =		 2000,
}

@Article{hertz:1999a,
  author =		 {G. Z. Hertz and G. D. Stormo},
  title =		 {Identifying {DNA} and protein patterns with
                  statistically significant alignments of multiple
                  sequence},
  journal =		 {Bioinformatics},
  year =		 1999,
  volume =		 15,
  number =		 {7--8},
  pages =		 {563-577},
  month =		 {Jul--Aug}
}

@Article{herzel:1995a,
  author =		 {H. Herzel and I. Gro$\beta$e},
  title =		 {Measuring Correlations in symbol sequences},
  journal =		 {Physica A},
  year =		 1995,
  volume =		 216,
  pages =		 {518-542}
}

@Article{heyer:1999a,
  author =		 {L. J. Heyer and S. Kruglyak and S. Yooseph},
  title =		 {Exploring expression data: identification and
                  analysis of coexpressed genes},
  journal =		 {Genome Research},
  year =		 1999,
  volume =		 9,
  number =		 11,
  pages =		 {1106--1115},
  month =		 {Nov}
}

@Article{hillier:1996a,
  author =		 {L. Hillier and others},
  title =		 {Generation and Analysis of 280,000 Human {E}xpressed
                  {S}equence {T}ags},
  journal =		 {Genome Research},
  year =		 1996,
  volume =		 6,
  pages =		 {807--828}
}

@Article{hochgeschwender:1992a,
  author =		 {U. Hochgeschwender},
  title =		 {Toward a transcriptional map of the human genome},
  journal =		 {Trends Genet},
  year =		 1992,
  volume =		 8,
  number =		 2,
  pages =		 {41--4}
}

@Article{hogenesch:2001a,
  author = 		 {John B. Hogenesch and Keith A. Ching and Serge Batalov
                  and Andrew I. Su and John R. Walker and Yingyao Zhou and
                  Steve A. Kay and Peter G. Schultz and Michael P. Cooke},
  title = 		 {A {C}omparison of the {C}elera and {E}nsembl 
                  {P}redicted {G}ene {S}ets {R}eveals {L}ittle 
                  {O}verlap in {N}ovel {G}enes},
  journal = 	 {Cell},
  year = 		 2001,
  volume =		 106,
  pages =		 {413--415},
  month =		 {Aug}
}

@Article{huang:1997a,
  author =		 {X. Huang and M. D. Adams and H. Zhou and
                  A. R. Kerlavage},
  title =		 {A tool for analyzing and annotating genomic
                  sequences},
  journal =		 {Genomics},
  year =		 1997,
  volume =		 46,
  number =		 1,
  pages =		 {37--45}
}

@Article{hubert:1996a,
  author =		 {N. Hubert and R. Walczak and C. Sturchler and
                  E. Myslinski and C. Schuster and E. Westhog and
                  P. Carbon and A. Krol},
  title =		 {{RNAs} mediating cotranslational insertion of
                  selenocysteine in eukariotic selenoproteins},
  journal =		 {Biochimie},
  year =		 1996,
  volume =		 78,
  pages =		 {590--596}
}

@Article{hudson:2001a,
  author = 		 {Thomas J. Hudson and others},
  title = 		 {A radiation hybrid map of mouse genes},
  journal = 	 {Nature Genetics},
  year = 		 2001,
  volume =		 29,
  pages =		 {201--205},
  month =		 {Oct}
}

@Article{hudson:2001ac,
  author = 		 {Thomas J. Hudson and Deanna M. Church and 
                  Simon Greenaway and Huy Nguyen and April Cook and 
                  Robert G. Steen and William J. {Van Etten} and 
                  Andrew B. Castle and Mark A. Strivens and Pamela 
                  Trickett and Christine Heuston and Claire Davison and
                  Anne Southwell and Rachel Hardisty and Anabel 
                  Varela-Carver and Andrew R. Haynes and Patricia 
                  Rodriguez-Tome and Hirofumi Doi and Minoru S. H. Ko and
                  Joan Pontius and Lynn Schriml and Lukas Wagner and 
                  Donna Maglott and Steve D. M. Brown and Eric S. Lander
                  and Greg Schuler and Paul Denny},
  title = 		 {A radiation hybrid map of mouse genes},
  journal = 	 {Nature Genetics},
  year = 		 2001,
  volume =		 29,
  pages =		 {201--205},
  month =		 {Oct}
}

@Article{hughes:2000a,
  author =		 {J. D. Hughes and P. W. Estep and S. Tavazoie and
                  G. M. Church},
  title =		 {Computational identification of cis-regulatory
                  elements associated with groups of functionally
                  related genes in {{\it {S}accharomyces cerevisiae}}},
  journal =		 {Journal of Molecular Biology (in press)},
  year =		 2000
}

@Article{hutchinson:1992a,
  author =		 {G. B. Hutchinson and M. R. Hayden},
  title =		 {The prediction of exons through an analysis of
                  spliceable open reading frames},
  journal =		 {Nucleic Acids Research,},
  year =		 1992,
  volume =		 20,
  pages =		 {3453-3462.}
}

@Article{ikemura:1985a,
  author =		 {T. Ikemura},
  title =		 {Codon usage and {tRNA} content in unicellular and
                  multicellular organisms},
  journal =		 {Molecular Biology and Evolution},
  year =		 1985,
  volume =		 2,
  pages =		 {13-34}
}

@Article{iyer:1999a,
  author =		 {V. R. Iyer and M.B. Eisen and D. T. Ross and
                  G. Schuler and T. Moore and J. C. F. Lee and
                  J. M. Trent and L. M. Staudt and J. Jr. Hudson and
                  M. S. Boguski and D. Lashkari and D. Shalon and
                  D. Botstein and P. O. Brown},
  title =		 {The transcriptional program in the response of human
                  fibroblasts to serum},
  journal =		 {Science},
  year =		 1999,
  volume =		 283,
  number =		 5398,
  pages =		 {83--87},
  month =		 {Jan}
}

@Article{jareborg:1999a,
  author =		 {N. Jareborg and E. Birney and R. Durbin},
  title =		 {Comparative {A}nalysis of {N}oncoding {R}egions of 77
                  {O}rthologous {M}ouse and {H}uman {G}ene {P}airs },
  journal =		 {Genome Research},
  year =		 1999,
  volume =		 9,
  pages =		 {815--824}
}

@Article{kent:2001a,
  author = 		 {W. J. Kent and D. Haussler},
  title = 		 {Assembly of the working draft of the human genome with
                  {GigAssembler}},
  journal = 	 {Genome Research},
  year = 		 2001,
  volume =		 11,
  number =		 9,
  pages =		 {1541--1548},
  month =		 {Sep}
}
@Article{kersey:2000a,
  author =		 {P. Kersey and H. Hermjakob and R. Apweiler},
  title =		 {{VARSPLIC}: {A}lternatively-spliced protein sequences
                  derived from {SWISS-PROT} and {TrEMBL}},
  journal =		 {Bioinformatics},
  year =		 {2000},
  volume =       {16},
  number =       {11},
  pages =        {1048--1049},
  month =        {Nov}
}

@InProceedings{knudsen:1993a,
  author =		 {S. Knudsen and R. Guig{\'o} and T. F. Smith},
  title =		 {{GeneID}---{A} {C}omputer {S}erver for {P}rediction
                  of {G}enes in {DNA} {S}equences},
  booktitle =	 {Proceedings on the Second International Conference
                  on Bioinformatics, Supercomputing, and Complex
                  Genome Analysis},
  pages =		 {545--553},
  year =		 1993,
  editor =		 {H.A. Lim and J.W. Fickett and C.R. Cantor and
                  R.J. Robins},
  publisher =	 {World Scientific}
}

@Book{kohonen:1995a,
  author =		 {T. Kohonen},
  title =		 {Self-organizing maps},
  publisher =	 {Springer {, cop.}},
  year =		 1995,
  number =		 40,
  series =		 {Springer series in information sciences},
  address =		 {Berlin},
  edition =		 {First}
}

@Book{kohonen:1997a,
  author =		 {T. Kohonen},
  title =		 {Self-organizing maps},
  publisher =	 {Springer {, cop.}},
  year =		 1997,
  number =		 30,
  series =		 {Springer series in information sciences},
  address =		 {Berlin},
  edition =		 {Second}
}

@InProceedings{konopka:1990a,
  author =		 {A. K. Konopka},
  title =		 {Towards Mapping Functional Domains in
                  Indiscriminantly Sequenced Nucleic Acids: A
                  Computational Approach},
  booktitle =	 {{S}tructure and {M}ethods: {VI}. {H}uman {G}enome 
                  {I}nitiative and {DNA} {R}ecombination},
  pages =		 {113-125},
  year =		 1990,
  editor =		 {R.H. Sarma and M.H. Sarma},
  publisher =	 {Adenine Press},
  address =		 {Guilderland, New York}
}

@Article{korf:2001a,
  author = 		 {Ian Korf and Paul Flicek and Daniel Duan and
                  Michael R. Brent},
  title = 		 {Integrating {G}enomic {H}omology into {G}ene
                  {S}tructure {P}rediction},
  journal = 	 {Bioinformatics},
  year = 		 2001,
  volume =		 17,
  number =		 1,
  pages =		 {S140-8}
}

@Article{krawczak:1992a,
  author =		 {M. Krawczak and J. Reiss and D. N. Cooper},
  title =		 {The mutational spectrum of single base-pair
                  substitutions in messenger {RNA} splice junctions of
                  human genes---causes and consequences},
  journal =		 {Human Genetics},
  year =		 1992,
  volume =		 90,
  pages =		 {41-54}
}

@Article{krogh:1997a,
  author =		 {A. Krogh},
  title =		 {Two methods for improving performance of an {HMM}
                  and their application for gene finding},
  journal =		 {ISMB},
  year =		 1997,
  volume =		 5,
  pages =		 {179--186}
}

@InProceedings{kulp:1996a,
  author =		 {D. Kulp and D. Haussler and M. G. Reese and
                  F. H. Eeckman},
  title =		 {A Generalized Hidden Markov Model for the
                  Recognition of Human Genes in {DNA}},
  booktitle =	 {Intelligent Systems for Molecular Biology},
  pages =		 {134-142},
  year =		 1996,
  editor =		 {D. J. States and P. Agarwal and T. Gaasterland and
                  L. Hunter and R. Smith},
  address =		 {Menlo Park, California},
  publisher =	 {AAAI press}
}

@InProceedings{kulp:1997a,
  author =		 {D. Kulp and D. Haussler and M. G. Reese and
                  F. H. Eeckman},
  title =		 {Integrating Database Homology in a Probabilistic
                  Gene Structure Mode},
  booktitle =	 {Biocomputing: Proceedings of the 1997 Pacific
                  Symposium},
  editor =		 {R. B. Altman and A. K. Dunke and L. Hunter and
                  T. E. Klein},
  year =		 1997,
  publisher =	 {World Scientific, New Yor},
  pages =		 {232-244}
}


@Article{lander:2001a,
  author = 		 {E. S. Lander and others},
  title = 		 {Initial sequencing and analysis of the human genome},
  journal = 	 {Nature},
  year = 		 2001,
  volume =		 409,
  number =		 6822,
  pages =		 {860--921},
  month =		 {Feb}
}

@Article{lander:2001ac,
  author = 		 {E. S. Lander and L. M. Linton and B. Birren and
                  C. Nusbaum and M. C. Zody and J. Baldwin and K. Devon
                  and K. Dewar and M. Doyle and W. FitzHugh and R. Funke
                  and D. Gage and K. Harris and A. Heaford and J. Howland
                  and L. Kann and J. Lehoczky and R. {Le Vine} and 
                  P. {McEwan} and K. {McKernan} and J. Meldrim and
                  J. P. Mesirov and C. Miranda and W. Morris and 
                  J. Naylor and C. Raymond and M. Rosetti and R. Santos 
                  and A. Sheridan and others},
  title = 		 {Initial sequencing and analysis of the human genome},
  journal = 	 {Nature},
  year = 		 2001,
  volume =		 409,
  number =		 6822,
  pages =		 {860--921},
  month =		 {Feb}
}

@Article{lawrence:1993a,
  author =		 {C. E. Lawrence and S. F. Altschul and M. S. Boguski
                  and J. S. Liu and A. F. Neuwald and J. C. Wootton},
  title =		 { Detecting subtle sequence signals: a {Gibbs}
                  sampling strategy for multiple alignment},
  journal =		 {Science},
  year =		 1993,
  volume =		 262,
  pages =		 {208--214}
}

@Article{li:1994a,
  author =		 {W. Li and T. G. Marr and K. Kaneko},
  title =		 {Understanding long-range correlations in {DNA}
                  sequences},
  journal =		 {Physica D},
  year =		 1994,
  volume =		 75,
  pages =		 {392-416}
}

@Article{li:1997a,
  author =		 {W. Li},
  title =		 {The study of correlation structures of {DNA}
                  sequences: a critical review},
  journal =		 {Computer and Chemistry},
  year =		 1997,
  volume =		 21,
  pages =		 {257-271}
}

@Misc{li:www1,
  author =		 {W. Li},
  title =		 {{\tt
                  http://linkage.rockefeller.edu/wli/gene/list.html}},
  year =		 1998,
}



@Article{liang:2000a,
  author = 	 {F. Liang and I. Holt and G. Pertea and S. Karamycheva and S.L. Salzberg and J. Quackenbush},
  title = 	 {Gene Index analysis of the human genome estiamtes approxiamtely 120,000 genes},
  journal = 	 {Nature Genetics},
  year = 	 2000,
  volume =	 25,
  pages =	 {239-240}
}

@Article{long:2000a,
  author =		 {M.Long},
  title =		 {A New Function Evolved from Gene Fusion},
  journal =		 {Genome Research},
  year =		 2000,
  volume =		 10,
  pages =		 {1655--1657}
}
@InProceedings{lopez:1995a,
  author =		 {E. {L\'opez de Bri\~nas} and J. J. Lozano and
                  R. Guig{\'o} and F. Manaut and F. Sanz},
  title =		 {Secondary Structure Prediction. A Tool in the
                  Alignment of Cytocrhome {P450 1A2} Sequence with
                  these of Cytochromes {P450 CAM}, {P450 BBM3}, and
                  {P450 TERP}},
  booktitle =	 {Trends in QSAR and Molecular Modeling},
  pages =		 {601--604},
  year =		 1995,
  editor =		 {F. Sanz and J. Giraldo and F. Manaut}
}

@Article{lozano:1997a,
  author =		 {J. J. Lozano and E. {L\'opez de Bri\~nas} and
                  N. B. Centeno and R. Guig{\'o} and F. Sanz},
  title =		 {Three-dimensional modeling of human cytochrome {P450
                  1A2} and its interaction with caffeine and
                  carcinogenic aromatic amines},
  journal =		 {Journal of Computer Aided Molecular Design},
  year =		 1997,
  volume =		 11,
  pages =		 {395--408}
}

@Article{makalowski:1996a,
  author =		 {Wojciech Makalowski and Jinghui Zhang and
                  Mark S. Boguski},
  title =		 {Comparative analysis of 1196 orthologous mouse and
                  human full-length {mRNA} and protein sequences},
  journal =		 {Genome Research},
  year =		 1996,
  volume =		 6,
  number =		 9,
  pages =		 {846--857},
  month =		 {Sep}
}

@Article{makalowski:1998a,
  author =		 {Wojciech Makalowski and Mark S. Boguski},
  title =		 {Evolutionary parameters of the transcribed mammalian
                  genome: {A}n analysis of 2,820 orthologous rodent and
                  human sequences},
  journal =		 {Proc. Natl. Acad. Sci. USA},
  year =		 1998,
  volume =		 95,
  number =		 16,
  pages =		 {9407--9412},
  month =		 {Aug}
}

@Article{marton:1998a,
  author =		 {M. J. Marton and J. L. DeRisi and H. A. Bennett and
                  V. R. Iyer and M. R. Meyer and C. J. Roberts and
                  R. Stoughton and J. Burchard and D. Slade and H. Dai
                  and D. E. Jr Bassett and L. H. Hartwell and
                  P. O. Brown and S. H. Friend},
  title =		 {Drug target validation and identification of
                  secondary drug target effects using {DNA}
                  microarrays},
  journal =		 {Nat Med},
  year =		 1998,
  volume =		 4,
  number =		 11,
  pages =		 {1293--1301},
  month =		 {Nov}
}

@Article{matassi:1999a,
  author =		 {G. Matassi and P.M. Sharp and C. Gautier},
  title =		 {Chromosomal location effects on gene sequence
                  evolution in mammals},
  journal =		 {Current Biology},
  year =		 199,
  volume =		 9,
  pages =		 {786-791}
}

@Article{mccaldon:1988a,
  author =		 {P. McCaldon and P. Argos},
  title =		 {\ },
  journal =		 {Proteins: Structure, Function and Genetics},
  year =		 1988,
  volume =		 4,
  pages =		 {99-122}
}

@Article{mcqueen:1996a,
  author =		 {H.A. McQueen and J. Fantes and S.H. Cross and
                  V.H. Clark and A.L. Archibald and A.P. Bird},
  title =		 {CpG islands of chicken are concentrated on
                  microchromosomes},
  journal =		 {Nature Genetics},
  year =		 1996,
  volume =		 12,
  pages =		 {321--324}
}

@InProceedings{milanesi:1993a,
  author =		 {L. Milanesi and N. A. Kolchanov and I. B. Rogozin
                  and I. V. Ischenko and A. E. Kel and Y. L. Orlov and
                  M. P. Ponomarenko and P. Vezzoni},
  title =		 {{GenViewer}: A computing tool for protein-coding
                  regions prediction in nucleotide sequences},
  booktitle =	 {Proceedings 2nd International Conference on
                  Bioinformatics, Supercomputing and Complex Genome
                  Analysis (July 1992, St. Petersburg, Florida)},
  pages =		 {573-587},
  year =		 1993,
  editor =		 {H.A. Lim and J.W. Fickett and C.R. Cantor and
                  R.J. Robbins},
  address =		 {Singapore},
  publisher =	 {World Scientific}
}

@Article{mirkin:1995a,
  author =		 {B. Mirkin and I. Muchnik and T. F. Smith},
  title =		 {A biologically consistent model for comparing
                  molecular phylogenies},
  journal =		 {Journal of Computational Biology},
  year =		 1995,
  volume =		 2,
  pages =		 {493-507}
}

@Article{mironov:1999a,
  author =		 {A. A. Mironov and J. W. Fickett and M. S. Gelfand},
  title =		 {Frequent alternative splicing of human genes},
  journal =		 {Genome Research},
  year =		 1999,
  volume =		 9,
  pages =		 {1288--1293}
}

@Article{mott:1997a,
  author =		 {R. Mott},
  title =		 {{EST\_GENOME}: a program to align spliced {DNA}
                  sequences to unspliced genomic {DNA}},
  journal =		 {Computer Applications in the Biosciences},
  year =		 1997,
  volume =		 13,
  pages =		 {477--478}
}

@InProceedings{mural:1991a,
  author =		 {R. J. Mural and R. C. Mann and E. C Uberbacher},
  title =		 {Pattern recognition in {DNA} sequences: the
                  intron-exon junction problem},
  booktitle =	 {Proceedings of the First International Conference on
                  Electrophoresis, Supercomputing and the Human
                  Genome},
  pages =		 {164-172},
  year =		 1991,
  editor =		 {C. C. Cantor and H. A. Lim},
  publisher =	 {World Scientific Co.},
  address =		 {Singapore}
}

@InProceedings{myers:1995a,
  author =		 {E. Myers and W. Miller},
  title =		 {Chaining multiple-alignment fragments in
                  subquadratic time},
  booktitle =	 {Proceedings of the Sixth Annual ACM-SIAM Symposium},
  pages =		 {38--47},
  year =		 1995,
}

@Article{nakai:1994a,
  author =		 {K. Nakai and H. Sakamoto},
  title =		 {Construction of a novel database containing aberrant
                  splicing mutations of mammalian genes},
  journal =		 {Gene},
  year =		 1994,
  volume =		 141,
  pages =		 {171-177}
}


@Article{novichkov:2001a,
  author = 	 {P.S. Novichkov and M. S. Gelfand and A.A. Mironov},
  title = 	 {Gene recognition in eukaryotic DNA by comparison of genomic sequences},
  journal = 	 {Bioinformatics},
  year = 	 2001,
  volume =	 17,
  pages =	 {1011-1018}
}

@InProceedings{ocana:1986a,
  author =		 {J. Oca{\~{n}}a and R. Guig{\'o}},
  title =		 {Variaci\'on del nicho y conducta de elecci\'on
                  dependiente del genotipo},
  booktitle =	 {La sociedad naturalizada: gen\'etica y conducta},
  pages =		 {381-387},
  year =		 1986,
  editor =		 {J. Sanmart\'{\i}n and V. Sim\'on and
                  M.L. Garc\'{\i}a-Merita},
  address =		 {Val\`encia,Spain},
  publisher =	 {Tirant Loc Blanch}
}

@Article{oliveros:2000a,
  author =		 {J. C. Oliveros-Collazos and C. Blaschke and
                  J. Herrero and J. Dopazo and A. Valencia},
  title =		 {\ },
  journal =		 {(submitted)},
  year =		 2000
}

@Article{onyango:2000a,
  author =		 {Patrick Onyango and Webb Miller and Jessica Lehoczky and
                  Cheuk T. Leung and Bruce Birren and Sarah Wheelan and 
                  Ken Dewar and Andrew P. Feinberg},
  title =		 {Sequence and Comparative Analysis of the Mouse
                  1-Megabase Region Orthologous to the Human 11p15
                  Imprinted Domain},
  journal =		 {Genome Research},
  year =		 2000,
  volume =		 10,
  pages =		 {1697--1710}
}

@Unpublished{pachter:2001a,
  author = 		 {Lior Pachter and others},
  title = 		 {{SLAM}: {A} comparative gene finder},
  note = 		 {\textit{in preparation}},
  year =		 2001
}

@Article{park:1997a,
  author =		 {J. Park and S. A. Teichmann and T. Hubbard and
                  C. Chothia},
  title =		 {Intermediate sequence increase the detection of
                  homology between sequences},
  journal =		 {Journal of Molecular Biology},
  year =		 1997,
  volume =		 273,
  pages =		 {349--354}
}

@Article{parra:2000a,
  author =		 {G. Parra and E. Blanco and R. Guig{\'o}},
  title =		 {Geneid in {{\it {D}rosophila}}},
  journal =		 {Genome Research},
  year =		 {2000},
  volume =		 10,
  pages =		 {511--515}
}

@Unpublished{patcher:2001a,
  author = 		 {L. Patcher and others},
  title = 		 {{SLAM}: homolgy-based gene finding tool.},
  note = 		 {\textit{in preparation}},
  year =		 2001
}

@Book{patty:1995a,
  author =		 {L. Patthy},
  title =		 {Protein Evolution by Exon-Shuffling},
  publisher =	 {R. G. Landes Company},
  year =		 1995,
  address =		 {Austin}
}

@InProceedings{pearson:1999a,
  author =		 {W. R. Pearson},
  title =		 {Flexible similarity searching with the FASTA3
                  program package.},
  booktitle =	 {Bioinformatics Methods and Protocols},
  pages =		 {185-219},
  year =		 1999,
  editor =		 {S. Misener and S. A. Krawetz},
  address =		 {Totowa, New Jersey},
  publisher =	 {Humana Press}
}

@Article{pennisi:2000a,
  author =		 {E. Pennisi},
  title =		 {Are Sequencers Ready to {``Annotate''} the Human
                  Genome?},
  journal =		 {Science},
  year =		 2000,
  volume =		 287,
  pages =		 2183
}

@Article{pesole:1997a,
  author =		 {G. Pesole and S. Liuni and G. Grillo and C. Saccone},
  title =		 {Structural and compositional features of
                  untranslated regions of eukaryotic {mRNAs}},
  journal =		 {Gene},
  year =		 1997,
  volume =		 205,
  pages =		 {95--102}
}

@Article{pesole:2000a,
  author =		 {G. Pesole and S. Liuni and G. Grillo and
                  F. Licciulli and A. Larizza and W. Makalowski W and
                  C. Saccone},
  title =		 {{UTRdb} and {UTRsite}: specialized databases of
                  sequences and functional elements of {5$\prime$} and
                  {3$\prime$} untranslated regions of eukaryotic
                  {mRNAs}},
  journal =		 {Nucleic Acids Research},
  year =		 2000,
  volume =		 28,
  pages =		 {193--196}
}

@Article{pruitt:2001a,
  author = 	 {K.D. Pruitt and D. Maglott},
  title = 	 {RefSeq and LocusLink: NCBI gene-centered resources},
  journal = 	 {Nucleic Acids Res},
  year = 	 2001,
  volume =	 29,
  pages =	 {137-140}
}

@Article{ptashne:1997a,
  author =		 {M. Ptashne and A. Gann},
  title =		 {Transcriptional activation by recruitment},
  journal =		 {Nature},
  year =		 1997,
  volume =		 386,
  pages =		 {569--577}
}

@Article{reese:1997a,
  author =		 {M. G. Reese and F. H. Eeckman and D. Kulpand and
                  D. Haussler},
  title =		 {Improved splice site detection in {G}enie},
  journal =		 {J Comput Biol},
  year =		 1997,
  volume =		 4,
  number =		 3,
  pages =		 {311-323}
}

@Article{reese:2000a,
  author =		 {M. G. Reese and G. Hartzell and N. L. Harris and
                  U. Ohler and J. F. Abril and S. E. Lewis},
  title =		 {Genome Annotation Assessment in {{\it {D}rosophila
                  melanogaster}}},
  journal =		 {Genome Research},
  year =		 2000,
  volume =		 10,
  pages =		 {483--501},
}

@Article{reichwald:2000a,
  author =		 {K. Reichwald and J. Thiesen and T. Wiehe and
                  J. Weitzel and W. H. StraStling and P. Kioschis and
                  A. Poustka and A. Rosenthal and M. Platzer},
  title =		 {Comparative sequence analysis of the {MECP2}-locus
                  in man and mouse reveals novel transcribed regions.},
  journal =		 {Mammalian Genome},
  year =		 2000,
  volume =		 11,
  pages =		 {182-190}
}

@Article{rigoutsos:1998a,
  author =		 {I. Rigoutsos and A. Floratos},
  title =		 {Combinatorial pattern discovery in biological
                  sequences: the {TEIRESIAS} algorithm},
  journal =		 {Bioinformatics},
  year =		 {1998},
  volume =		 14,
  pages =		 {55-67}
}

@Article{roest:2000a,
  crossref = {crollius:2000a}
}

@Article{ross:1999a,
  author =		 {D. T. Ross and U. Scherf and M. B. Eisen and
                  C. M. Perou and C. Rees and P. Spellman and V. Iyer
                  and S. S. Jeffrey and M. {Van de Rijn} and
                  M. Waltham and A. Pergamenschikov and J. C. Lee and
                  D. Lashkari and D. Shalon and T. G. Myers and
                  J. N. Weinstein and D. Botstein and P. O. Brown},
  title =		 {Systematic variation in gene expression patterns in
                  human cancer cell lines},
  journal =		 {Nat Genet},
  year =		 2000,
  volume =		 24,
  number =		 3,
  pages =		 {227--235},
  month =		 {Mar}
}

@Article{roth:1998a,
  author =		 {F. R. Roth and J. D. Hughes and P. E. Estep and
                  G. M. Church},
  title =		 {Finding {DNA} Regulatory Motifs within Unaligned
                  Non-Coding Sequences Clustered by Whole-Genome
                  {mRNA} Quantitation},
  journal =		 {Nature Biotechnology},
  year =		 1998,
  volume =		 16,
  number =		 10,
  pages =		 {939--945},
  month =		 {Oct}
}

@Article{rubin:2000a,
  author =		 {G. M. Rubin and others},
  title =		 {Comparative Genomics of the Eukaryotes},
  journal =		 {Science},
  year =		 2000,
  volume =		 287,
  number =		 5461,
  pages =		 {2204--2215},
  month =		 {Mar}
}

@Article{rubin:2000ac,
  author =		 {G. M. Rubin and M. D. Yandell and J. R. Wortman and
                  G. L. G. Miklos and C. R. Nelson and I. K. Hariharan
                  and M. E. Fortini and P. W. Li and R. Apweiler and
                  W. Fleischmann and J. M. Cherry and S. Henikoff and
                  M. P. Skupski and S. Misra and M. Ashburner and
                  E. Birney and M. S. Boguski and T. Brody and
                  P. Brokstein and S. E. Celniker and S. A. Chervitz
                  and D. Coates and A. Cravchik and A. Gabrielian and
                  R. F. Galle and W. M. Gelbart and R. A. George and
                  L. S. B. Goldstein and F. Gong and P. Guan and
                  N. L. Harris and B. A. Hay and R. A. Hoskins and
                  J. Li and Z. Li and R. O. Hynes and S. J. M. Jones
                  and P. M. Kuehl and B. Lemaitre and J. T. Littleton
                  and D. K. Morrison and C. Mungall and
                  P. H. O'Farrell and O. K. Pickeral and C. Shue and
                  L. B. Vosshall and J. Zhang and Q. Zhao and
                  X. H. Zheng and F. Zhong and W. Zhong and R. Gibbs
                  and J. C. Venter and M. D. Adams and S. Lewis},
  title =		 {Comparative Genomics of the Eukaryotes},
  journal =		 {Science},
  year =		 2000,
  volume =		 287,
  number =		 5461,
  pages =		 {2204--2215},
  month =		 {Mar}
}

@InProceedings{salzberg:1996a,
  author =		 {S. Salzberg and X. Chen and J. Henderson and
                  K. Fasman},
  title =		 {Finding genes in {DNA} using decision trees and
                  dynamic programming},
  booktitle =	 {Intelligent Systems for Molecular Biology},
  pages =		 {201-210},
  year =		 1996,
  editor =		 {D. J. States and P. Agarwal and T. Gaasterland and
                  L. Hunter and R. Smith},
  address =		 {Menlo Park, California},
  publisher =	 {AAAI Press}
}

@Article{schatz:1997a,
  author =		 {B. R. Schatz},
  title =		 {Information Retrieval in Digital Libraries: Bringing
                  Search to the Net},
  journal =		 {Science},
  year =		 1997,
  volume =		 275,
  number =		 5298,
  pages =		 {327--334},
  month =		 {Jan}
}
@Article{schwartz:1991a,
  author =		 {S. Schwartz and W. Miller and C.-M. Yang and
                  R. C. Hardison},
  title =		 {Software tools for analyzing pairwise alignments of
                  long sequences},
  journal =		 {Nucleic Acids Research},
  year =		 1991,
  volume =		 19,
  pages =		 {4663-4667}
}

@Misc{science:1996a,
  howpublished = {Science},
  year =		 1996,
  note =		 {272:1730-1732}
}

@Article{searls:1993a,
  author =		 {D. B. Searls},
  title =		 {Doing sequence analysis with your printer},
  journal =		 {Comput. Appl. Biosci.},
  year =		 1993,
  key =			 {Computer Graphics, Sequence Analysis, DNA,
                  PostScript},
  volume =		 9,
  number =		 4,
  pages =		 {421-6},
  month =		 8,
}

@Article{shannon:1948a,
  author =		 {C. E. Shannon},
  title =		 {A mathematical theory of communication},
  journal =		 {Bell Syst. The Bell System Technical Journal},
  year =		 1948,
  volume =		 27,
  pages =		 {379-423}
}

@Article{sharp:1994a,
  author =		 {P. A. Sharp},
  title =		 {Split genes and {RNA} splicing},
  journal =		 {Cell},
  year =		 1994,
  volume =		 77,
  pages =		 {805--815}
}

@Article{shepherd:1981a,
  author =		 {J. C. Shepherd},
  title =		 {Method to determine the reading frame of a protein
                  from the purine/pyrimidine genome sequence and its
                  possible evolutionary justification},
  journal =		 {Proceedings National Academy Sciences USA.},
  year =		 1981,
  volume =		 78,
  pages =		 {1596-1600}
}

@Article{shi:1997a,
  author =		 {J. Shi and J. Malik},
  title =		 {Normalized cuts and image segmentation},
  journal =		 {Proc. CVPR},
  year =		 1997,
  pages =		 {731--737}
}

@Article{shoemaker:2001a,
  author = 		 {D. D. Shoemaker and others},
  title = 		 {Experimental annotation of the human genome using
                  microarray tecnology},
  journal = 	 {Nature},
  year = 		 2001,
  volume =		 409,
  number =		 6822,
  pages =		 {922--927},
  month =		 {Feb}
}

@Article{shoemaker:2001ac,
  author = 		 {D. D. Shoemaker and E. E. Schadt and C. D. Armour and
                  Y. D. He and P. Garret-Engele and P. D. {McDonagh} and
                  P. M. Loerch and A. Leonardson and P. Y. Lum and G. Cavet and
                  L. F. Wu and S. J. Altschuler and S. Edwards and J. King and
                  J. S. Tsang and G. Schimmack and J. M. Schelter and J. Koch
                  and M. Ziman and M. J. Marton and B. Li and P. Cundiff and
                  T. Ward and J. Castle and M. Krolewski and M. R. Meyer and
                  M. Mao and J. Burchard and M. J. Kidd and H. Dai and
                  J. W. Phillips and P. S. Linsley and R. Stoughton and
                  S. Scherer and M. S. Bogusky},
  title = 		 {Experimental annotation of the human genome using
                  microarray tecnology},
  journal = 	 {Nature},
  year = 		 2001,
  volume =		 409,
  number =		 6822,
  pages =		 {922--927},
  month =		 {Feb}
}

@Article{silverman:1986a,
  author =		 {B. D. Silverman and R. Linsker},
  title =		 {A measure of {DNA} periodicity},
  journal =		 {Journal of theoretical Biology},
  year =		 1986,
  volume =		 118,
  pages =		 {295-300}
}

@Unpublished{smit:1999a,
  author =		 {{A. F. A.} Smit and P. Green},
  title =		 {{RepeatMasker} at {\tt
                  http://ftp.genome.washington.edu/RM/
                  RepeatMasker.html}},
  year =		 1999,
  note =		 {unpublished}
}

@Article{smith:1981a,
  author = 		 {T. F. Smith and M. S. Waterman},
  title = 		 {Identification of common molecular subsequences},
  journal = 	 {Journal of Molecular Biology},
  year = 		 1981,
  volume =		 147,
  number =		 1,
  pages =		 {195--197},
  month =		 {Mar}
}

@Book{sneath:1973a,
  author =		 {P. H. A. Sneath and R. R. Skoal},
  title =		 {Numerical taxonomy : the principles and practice of
                  numerical classification},
  publisher =	 {{W. H. Freeman and Co.}},
  year =		 1973,
  series =		 {A Series of books in biology},
  address =		 {San Francisco}
}

@Article{snyder:1993a,
  author =		 {E. E. Snyder and G. D. Stormo},
  title =		 {Identification of coding regions in genomic {DNA}
                  sequences: an application of dynamic programming and
                  neural networks},
  journal =		 {Nucleic Acids Research},
  year =		 1993,
  volume =		 21,
  pages =		 {607-613}
}

@Article{snyder:1995a,
  author =		 {E. E. Snyder and G. D. Stormo},
  title =		 {Identification of protein coding regions in genomic
                  {DNA}},
  journal =		 {Journal of Molecular Biology},
  year =		 1995,
  volume =		 248,
  pages =		 {1-18}
}

@Article{solovyev:1994a,
  author =		 {V. V. Solovyev and A. A. Salamov and C. B. Lawrence},
  title =		 {Predicting internal exons by oligonucleotide
                  composition and discriminant analysis of spliceable
                  open reading frames},
  journal =		 {Nucleic Acids Research},
  year =		 1994,
  volume =		 22,
  pages =		 {5156--5163}
}

@Article{sonnhamer:1994a,
  author =		 {E. Sonnhamer and R. Durbin},
  title =		 {A workbench for Large Scale Sequence Homology
                  Analysis},
  journal =		 {Comput. Applic. Biosc.},
  year =		 1994,
  volume =		 10,
  pages =		 {301-307}
}

@Article{spellman:1998a,
  author =		 {P. T. Spellman and G. Sherlock and M. Q. Zhang and
                  V. R. Iyer and K. Anders and M. B. Eisen and
                  P. O. Brown and D. Botstein and B. Futcher},
  title =		 {Comprehensive identification of cell cycle-regulated
                  genes of the yeast {{\it {S}accharomyces
                  cerevisiae}} by microarray hybridization},
  journal =		 {Mol Biol Cell},
  year =		 1998,
  volume =		 9,
  number =		 12,
  pages =		 {3273--3297},
  month =		 {Dec}
}

@Article{staden:1982a,
  author =		 {R. Staden and A. D. McLachlan},
  title =		 {Codon preference and its use in identifying protein
                  coding regions in long {DNA} sequences},
  journal =		 {Nucleic Acids Research},
  year =		 1982,
  volume =		 10,
  pages =		 {141-156}
}

@Article{staden:1984a,
  author =		 {R. Staden},
  title =		 {Measurements of the effects that coding for a
                  protein has on a {DNA} sequence and their use for
                  finding genes},
  journal =		 {Nucleic Acids Research},
  year =		 1984,
  volume =		 12,
  pages =		 {551-567}
}

@Article{stoesser:1999a,
  author =		 {Guenter Stoesser and Mary Ann Tuli and Rodrigo Lopez
                  and Peter Sterk},
  title =		 {The {EMBL} {N}ucleotide {S}equence {D}atabase},
  journal =		 {Nucleic Acids Research},
  year =		 1999,
  volume =		 27,
  pages =		 {18--24}
}

@Article{stormo:2000a,
  author =		 {G. D. Stormo},
  title =		 {\ },
  journal =		 {Genome Research (in press)},
  year =		 2000,
  volume =		 10,
  pages =		 {},
}

@Article{stratowa:1999a,
  author =		 {C. Stratowa and K. K. Wilgenbus},
  title =		 {Gene expression profiling in drug discovery and
                  development},
  journal =		 {Current Opinion in Molecular Therapeutics},
  year =		 1999,
  volume =		 1,
  number =		 6,
  pages =		 {671--679},
  month =		 {Dec}
}

@Article{tamames:1997a,
  author =		 {J. Tamames and G. Casari and C. Ouzounis and
                  A. Valencia},
  title =		 {Conserved clusters of functionally related genes in
                  two bacterial genomes},
  journal =		 {J Mol Evol},
  year =		 1997,
  volume =		 44,
  number =		 1,
  pages =		 {66--73},
  month =		 {Jan}
}

@Article{tamames:1998a,
  author =		 {J. Tamames and C. Ouzounis and G. Casari and
                  C. Sander and A. Valencia},
  title =		 {{EUCLID}: automatic classification of proteins in
                  functional classes by their database annotations},
  journal =		 {Bioinformatics},
  year =		 1998,
  volume =		 14,
  number =		 6,
  pages =		 {542--543}
}

@Article{tamayo:1999a,
  author =		 {P. Tamayo and D. Slonim and J. Mesirov and Q. Zhu
                  and S. Kitareewan and E. Dmitrovsky and E. S. Lander
                  and T. R. Golub},
  title =		 {Interpreting patterns of gene expression with
                  self-organizing maps: Methods and application to
                  hematopoietic differentiation},
  journal =		 {PNAS},
  year =		 1999,
  volume =		 96,
  number =		 6,
  pages =		 {2907--2912},
  month =		 {Mar}
}

@article{tanabe:1999a,
  author =		 {L. Tanabe and U. Scherf and L. H. Smith and
                  J. K. Lee and L. Hunter and J. N. Weinstein},
  title =		 {{MedMiner}: an Internet text-mining tool for
                  biomedical information, with application to gene
                  expression profiling},
  journal =		 {Biotechniques},
  year =		 1999,
  volume =		 27,
  number =		 6,
  pages =		 {1210--1217},
  month =		 {Dec}
}

@Article{tatusov:1994a,
  author =		 {R. Tatusov and S. Altschul and E. Koonin},
  title =		 {Detection of conserved segments in proteins:
                  iterative scanning of sequence databases with
                  alignment blocks},
  journal =		 {Proceedings National Academy Sciences USA},
  year =		 1994,
  volume =		 91,
  pages =		 {12091--12095}
}

@Article{thanaraj:1999a,
  author =		 {A. Thanaraj},
  title =		 {A clean data set of {EST}-confirmed splice sites
                  from {{\it {H}omo sapiens}} and standards for
                  clean-up procedures},
  journal =		 {Nucleic Acids Research},
  year =		 1999,
  volume =		 27,
  pages =		 {2627--2637}
}

@Article{thanaraj:2000a,
  author =		 {A. Thanaraj},
  title =		 {Positional Characterisation Of False Positives From
                  Computational Prediction Of Human Splice Sites},
  journal =		 {Nucleic Acids Research},
  year =		 2000,
  volume =		 28,
  pages =		 {744--754}
}

@Article{thomas:1994a,
  author =		 {A. Thomas and M. H. Skolnick},
  title =		 {A probabilistic model for detecting coding regions
                  in {DNA} sequences},
  journal =		 {IMA Journal of Mathematical Applications to Medicine
                  and Biology},
  year =		 1994,
  volume =		 11,
  pages =		 {149-160}
}

@Article{thomson:2000a,
  author =		 {T. Thomson and J. J. Lozano and R. Carri{\'o} and
                  F. Serras and N. Loukili and M. Valeri and
                  B. Cormand and M. P. {del R\'{\i}o} and J. F. Abril
                  and M. Burset and E. Sancho and J. Merino and
                  A. Macaya and M. Corominas and R. Guig{\'o}},
  title =		 {Fusion of the human gene for the polyubiquitination
                  co-effector {UEV}-1 with {{\it {K}ua}}, a newly
                  identified gene},
  journal =		 {Genome Research},
  year =		 {2000},
  volume =		 10,
  pages =		 {1743--1756}
}

@Article{tian:1995a,
  author =		 {H. C. Tian and R. Kole},
  title =		 {Selection of novel exon recognition elements from a
                  pool of random sequences},
  journal =		 {Molecular and Cellular Biology},
  year =		 1995,
  volume =		 15,
  pages =		 {6291-6298}
}

@Article{tiersch:1991a,
  author =		 {T.R. Tiersch and S.S. Wachtel},
  title =		 {On the evolution of the genome size of birds},
  journal =		 {Journal of Heredity},
  year =		 1991,
  volume =		 82,
  pages =		 {363--368}
}

@Article{tiwari:1997a,
  author =		 {S. Tiwari and S. Ramachandran and A. Bhattacharya
                  and S. Bhattacharya and R. Ramaswamy},
  title =		 {Prediction of probable genes by {Fourier} analysis
                  of genomic sequences},
  journal =		 {Computer Applications in the Biosciences},
  year =		 1997,
  volume =		 13,
  pages =		 {263-270}
}

@Article{toronen:1999a,
  author =		 {P. T{\"o}r{\"o}nen and M. Kolehmainen and G. Wong
                  and E. Castren},
  title =		 {Analysis of gene expression data using
                  self-organizing maps},
  journal =		 {FEBS Letters},
  year =		 1999,
  volume =		 451,
  number =		 2,
  pages =		 {142--146},
  month =		 {May}
}

@Article{tsonis:1991a,
  author =		 {A. A. Tsonis and J. B. Elsner and P. A. Tsonis},
  title =		 {Periodicity in {DNA} coding sequences: implications
                  in gene evolution},
  journal =		 {Journal of Theoretical Biology},
  year =		 1991,
  volume =		 151,
  pages =		 323
}

@Article{uberbacher:1991a,
  author =		 {E. C. Uberbacher and R. J. Mural},
  title =		 {Locating protein-coding regions in human {DNA}
                  sequences by a multiple sensor-neural network
                  approach},
  journal =		 {Proceedings National Academy Sciences USA},
  year =		 1991,
  volume =		 88,
  pages =		 {11261-11265}
}

@Article{vega:1990a,
  author =		 {M. A. Vega and R. Guig{\'o} and T. F. Smith},
  title =		 {Autoimmune response in {AIDS}},
  journal =		 {Nature},
  year =		 1990,
  volume =		 345,
  pages =		 26
}

@Article{venter:2001a,
  author =		 {{Venter, J. C. \textit{et al.} (including
                  J. F. Abril and R. Guig\'o)}},
  title =		 {The {S}equence of the {H}uman {G}enome},
  journal =		 {Science},
  year =		 2001,
  volume =		 291,
  number =		 5507,
  pages =		 {1304--1351},
  month =		 {Feb}
}
@Article{venter:2001ab,
  author =		 {{Venter, J. C. \textit{et al.} (including
                  R. Guig\'o)}},
  title =		 {The {S}equence of the {H}uman {G}enome},
  journal =		 {Science},
  year =		 2001,
  volume =		 291,
  number =		 5507,
  pages =		 {1304--1351},
  month =		 {Feb}
}
@Article{venter:2001ac,
  author =		 {J. Craig Venter and others},
  title =		 {The {S}equence of the {H}uman {G}enome},
  journal =		 {Science},
  year =		 2001,
  volume =		 291,
  number =		 5507,
  pages =		 {1304--1351},
  month =		 {Feb}
}

@Article{walt:2000a,
  author =		 {D. R. Walt},
  title =		 {Techview: molecular biology. {B}ead-based
                  fiber-optic arrays},
  journal =		 {Science},
  year =		 2000,
  volume =		 287,
  number =		 5452,
  pages =		 {451--452},
  month =		 {Jan}
}

@Article{wang:1998a,
  author =		 {D. G. Wang and J. B. Fan and C. J. Siao and A. Berno
                  and P. Young and R. Sapolsky and G. Ghandour and
                  N. Perkins and E. Winchester and J. Spencer and
                  L. Kruglyak and L. Stein and L. Hsie and
                  T. Topaloglou and E. Hubbell and E. Robinson and
                  M. Mittmann and M. S. Morris and N. Shen and
                  D. Kilburn and J. Rioux and C. Nusbaum and S. Rozen
                  and T. J. Hudson and E. S. Lander and others},
  title =		 {Large-scale identification, mapping, and genotyping
                  of single-nucleotide polymorphisms in the human
                  genome},
  journal =		 {Science},
  year =		 1998,
  volume =		 280,
  number =		 5366,
  pages =		 {1077--1082},
  month =		 {May}
}

@Article{wasserman:2000a,
  author =		 {W.W. Wasserman and M. Palumbo and W. Thompson and
                  J.W. Fickett and C.E. Lawrence},
  title =		 {Human-mouse genome comparisons to locate regulatory
                  regions},
  journal =		 {Nature Genetics},
  year =		 2000,
  volume =		 26,
  pages =		 {225--227},
  month=         {Oct}
}

@Article{waterman:1984a,
  author =		 {M. S. Waterman and T. F. Smith and H. L. Katcher},
  title =		 {Algorithms for restriction map comparisons},
  journal =		 {Nucleic Acids Research},
  year =		 1984,
  volume =		 12,
  pages =		 {237--242}
}

@Article{wiehe:2000a,
  author =		 {T. Wiehe and R. Guig{\'o} and W. Miller},
  title =		 {Genome Sequence Comparisons: {H}urdles in the Fast
                  Lane to Functional Genomics},
  journal =		 {Briefings in Bioinformatics},
  year =		 2000,
  volume =		 1,
  number=        4,
  pages =		 {381--388},
  month=         {Nov}
}

@Article{wiehe:2001a,
  author =		 {T. Wiehe and S. Gebauer-Jung and T. Mitchell-Olds
                  and R. Guig{\'o}},
  title =		 {{SGP}-1: Prediction and Validation of Homologous
                  Genes Based on Sequence Alignments},
  journal =		 {Genome Research},
  year =		 2001,
  volume =		 11,
  pages =		 {1574--1583}
}

@Article{wingender:1996a,
  author =		 {E. Wingender and P. Dietze and H. Karas and
                  R. Knuppel},
  title =		 {{TRANSFAC}: a database of transcription factors and
                  their {DNA} binding sites},
  journal =		 {Nucleic Acids Research},
  year =		 1996,
  volume =		 24,
  pages =		 {238--241}
}



@Article{wolfsberg:1997a,
  author =		 {T. G. Wolfsberg and D. Landsman},
  title =		 {A comparison of expressed sequence tags ({ESTs}) to
                  human genomic sequences},
  journal =		 {Nucleic Acid Research},
  year =		 1997,
  volume =		 25,
  pages =		 {1626--1632}
}

@Article{wong:2001a,
  author = 	 {G. K-S. Wong and D. A. Passey and J. Yu},
  title = 	 {Most of the Human Genome Is Transcribed},
  journal = 	 {Genome Research},
  year = 	 2001,
  volume =	 11,
  pages =	 {1975--1977}
}

@Article{wooster:1995a,
  author =		 {Wooster and others},
  title =		 {Identification of the breast cancer susceptibility
                  gene},
  journal =		 {Nature},
  year =		 1995,
  volume =		 378,
  pages =		 {789-792}
}

@Article{wootton:1993a,
  author =		 {J. C. Wootton and S. Federhen},
  title =		 {Statistics of local complexity in aminoacid
                  sequences and sequence database},
  journal =		 {Computers in Chemistry},
  year =		 1993,
  volume =		 17,
  pages =		 {149-163}
}

@Article{wright:2001a,
  author = 		 {Fred A. Wright and William J. Lemon and Wei D. Zhao
                  and Rusell Sears and Degen Zhuo and Jian-Ping Wang and 
                  Hee-Yung Yang and Troy Baer and Don Stredney and 
                  Joe Spitzner and Al Stutz and Ralf Krahe and Bo Yuan},
  title = 		 {A draft annotation and overview of the human genome},
  journal = 	 {Genome Biology},
  year = 		 2001,
  volume =		 2,
  number =		 7,
  pages =		 {1--18},
  month =		 {Jul}
}

@Article{xu:1994a,
  author =		 {Y. Xu and R. J. Mural and E. C. Uberbacher},
  title =		 {Constructing gene models from accurately predicted
                  exons: An application of dynamic programming},
  journal =		 {Computer Applications in the Biosciences},
  year =		 1994,
  volume =		 11,
  pages =		 {117--124}
}

@Article{zhang:1997a,
  author =		 {L. Zhang},
  title =		 {On a {Mirkin-Muchnik-Smith} conjecture for comparing
                  molecular phylogenies},
  journal =		 {Journal of Computational Biology},
  year =		 1997,
  volume =		 4,
  pages =		 {177-187}
}

@Article{zhang:1997b,
  author =		 {M. Q. Zhang},
  title =		 {Identification of protein coding regions in the
                  human genome based on quadratic discriminant
                  analysis},
  journal =		 { Proceedings of National Academy of Science (USA)},
  year =		 1997,
  volume =		 94,
  pages =		 {559--564}
}

@Article{zhang:1999a,
  author =		 {M. Q. Zhang},
  title =		 {Promoter Analysis of Co-regulated Genes in the Yeast
                  Genome},
  journal =		 {Computers and Chemistry},
  year =		 1999,
  volume =		 23,
  pages =		 {233--250}
}

@Article{zinoni:1986a,
  author =		 {F. Zinoni and A. Birkmann and T. C. Stadman and
                  A. Bock},
  title =		 {Nucleotide-sequence and expression of the
                  selenocysteine-containing polypeptide of
                  formate-dehydrogenase
                  (formate-hydrogen-lyase-linked) from {{\it
                  {E}scherichia coli}}},
  journal =		 {Proc. Natl. Acad. Sci.},
  year =		 1986,
  volume =		 83,
  pages =		 {4560--4564}
}

